<?xml version='1.0' encoding='utf-8'?>
<record xmlns="http://www.loc.gov/MARC21/slim" xmlns:xsi="http://www.w3.org/2001/XMLSchema-instance" xsi:schemaLocation="http://www.loc.gov/MARC21/slim http://www.loc.gov/standards/marcxml/schema/MARC21slim.xsd">
  <leader>00000npca 2200373 a 4500</leader>
  <controlfield tag="005">20150604162655.0</controlfield>
  <controlfield tag="008">100210i19661971miu                 eng d</controlfield>
  <datafield tag="035" ind1=" " ind2=" ">
    <subfield code="a">(OCoLC)505834924</subfield>
  </datafield>
  <datafield tag="035" ind1=" " ind2=" ">
    <subfield code="a">(OCoLC)ocn505834924</subfield>
  </datafield>
  <datafield tag="040" ind1=" " ind2=" ">
    <subfield code="a">BEU</subfield>
    <subfield code="c">BEU</subfield>
    <subfield code="e">dacs</subfield>
  </datafield>
  <datafield tag="049" ind1=" " ind2=" ">
    <subfield code="a">BEUA</subfield>
  </datafield>
  <datafield tag="100" ind1="1" ind2=" ">
    <subfield code="a">Coakley, James F.</subfield>
  </datafield>
  <datafield tag="245" ind1="0" ind2="0">
    <subfield code="a">James F. Coakley papers,</subfield>
    <subfield code="f">1966-1971.</subfield>
  </datafield>
  <datafield tag="300" ind1=" " ind2=" ">
    <subfield code="a">1 linear foot ;</subfield>
  </datafield>
  <datafield tag="546" ind1=" " ind2=" ">
    <subfield code="a">In English.</subfield>
  </datafield>
  <datafield tag="545" ind1="0" ind2=" ">
    <subfield code="a">James F. Coakley was a professor of theater in the University of Michigan's Department of Speech from 1966 to 1971. He directed theatrical performances of the University Players during those years. Coakley later taught at Northwestern.</subfield>
  </datafield>
  <datafield tag="520" ind1="2" ind2=" ">
    <subfield code="a">Scrapbooks containing photographs, programs, articles and reviews of University of Michigan theater productions, 1967-1971, including Arthur Miller's "After the Fall." Miller visited the production and is in several photographs. Other performances include "Coming Real," "The Homecoming," "Of Mice and Men," "Serjeant Musgrave's Dance," The Ghost Sonata," The Balcony," and "The Plough and the Stars." Also lecture notes from Speech course 230 "The Arts of the Theatre."</subfield>
  </datafield>
  <datafield tag="506" ind1=" " ind2=" ">
    <subfield code="a">The collection is open for research use.</subfield>
  </datafield>
  <datafield tag="555" ind1="0" ind2=" ">
    <subfield code="a">Finding aid in the library.</subfield>
  </datafield>
  <datafield tag="555" ind1="0" ind2=" ">
    <subfield code="a">Finding aid available via the World Wide web at URL: http://quod.lib.umich.edu/cgi/f/findaid/findaid-idx?c=bhlead&amp;idno=umich-bhl-2009185</subfield>
  </datafield>
  <datafield tag="500" ind1=" " ind2=" ">
    <subfield code="a">Donor: 10281</subfield>
  </datafield>
  <datafield tag="500" ind1=" " ind2=" ">
    <subfield code="a">Visual materials described separately.</subfield>
  </datafield>
  <datafield tag="600" ind1="1" ind2="0">
    <subfield code="a">Coakley, James F.</subfield>
  </datafield>
  <datafield tag="650" ind1=" " ind2="0">
    <subfield code="a">Drama.</subfield>
  </datafield>
  <datafield tag="600" ind1="1" ind2="0">
    <subfield code="a">Miller, Arthur,</subfield>
    <subfield code="d">1915-2005.</subfield>
  </datafield>
  <datafield tag="650" ind1=" " ind2="0">
    <subfield code="a">Theater</subfield>
    <subfield code="z">Michigan</subfield>
    <subfield code="z">Ann Arbor.</subfield>
  </datafield>
  <datafield tag="610" ind1="2" ind2="0">
    <subfield code="a">University of Michigan.</subfield>
    <subfield code="b">Dept. of Speech.</subfield>
  </datafield>
  <datafield tag="610" ind1="2" ind2="0">
    <subfield code="a">University of Michigan</subfield>
    <subfield code="x">Dramatics.</subfield>
  </datafield>
  <datafield tag="610" ind1="2" ind2="0">
    <subfield code="a">University of Michigan</subfield>
    <subfield code="x">Faculty.</subfield>
  </datafield>
  <datafield tag="610" ind1="2" ind2="0">
    <subfield code="a">University Players (University of Michigan)</subfield>
  </datafield>
  <datafield tag="655" ind1=" " ind2="7">
    <subfield code="a">Scrapbooks.</subfield>
    <subfield code="2">aat</subfield>
  </datafield>
  <datafield tag="852" ind1=" " ind2=" ">
    <subfield code="b">Bentley Historical Library,</subfield>
    <subfield code="a">University of Michigan,</subfield>
    <subfield code="e">Ann Arbor, Michigan 48109-2113</subfield>
  </datafield>
  <datafield tag="856" ind1="4" ind2="2">
    <subfield code="3">Finding aid :</subfield>
    <subfield code="u">http://quod.lib.umich.edu/cgi/f/findaid/findaid-idx?c=bhlead&amp;idno=umich-bhl-2009185</subfield>
  </datafield>
  <datafield tag="997" ind1=" " ind2=" ">
    <subfield code="a">MARS</subfield>
  </datafield>
  <datafield tag="998" ind1=" " ind2=" ">
    <subfield code="c">BAW</subfield>
  </datafield>
</record>
